@article{Ref,
  title={Developing a hybrid time-series artificial intelligence model to forecast energy use in buildings},
  author={Ngo, N and Pham, Anh and Truong, T and Truong, N and Huynh, N},
  journal={Scientific Reports},
  volume={12},
  number={1},
  year={2022},
  publisher={Nature Publishing Group UK London}
}
@article{Ref2,
  title={A residential labeled dataset for smart meter data analytics},
  author={Pereira, Lucas and Costa, Donovan and Ribeiro, Miguel},
  journal={Scientific Data},
  volume={9},
  number={1},

  year={2022},
  publisher={Nature Publishing Group UK London}
}
@article{Ref3,
  title={A holistic review on energy forecasting using big data and deep learning models},
  author={Devaraj, Jayanthi and Madurai, Elavarasan and Shafiullah, GM and Jamal, Taskin and Khan, Irfan},
  journal={International journal of energy research},
  volume={45},
  number={9},
  pages={13489--13530},
  year={2021},
  publisher={Wiley Online Library}
}
@article{Ref4,
  title={Application of residual modification approach in seasonal ARIMA for electricity demand forecasting: A case study of China},
  author={Wang, Yuanyuan and Wang, Jianzhou and Zhao, Ge and Dong, Yao},
  journal={Energy Policy},
  volume={48},
  pages={284--294},
  year={2012},
  publisher={Elsevier}
}
@article{Ref5,
  title={Energy consumption prediction and diagnosis of public buildings based on support vector machine learning: A case study in China},
  author={Liu, Yang and Chen, Hongyu and Zhang, Limao and Wu, Xianguo and Wang, Xian},
  journal={Journal of Cleaner Production},
  volume={272},
  year={2020},
  publisher={Elsevier}
}

@ARTICLE{Ref6,
  author={Minoli, Daniel and Sohraby, Kazem and Occhiogrosso, Benedict},
  journal={IEEE Internet of Things Journal}, 
  title={IoT Considerations, Requirements, and Architectures for Smart Buildingsâ€”Energy Optimization and Next-Generation Building Management Systems}, 
  year={2017},
  volume={4},
  number={1},
  pages={269-283},
 keywords={Internet of Things;Lighting;Space heating;Water heating;Smart buildings;Sensors;Building management systems (BMSs);Internet of Things (IoT);light emitting diode (LED) lighting;power over Ethernet (PoE);smart building}, doi={10.1109/JIOT.2017.2647881}}


@inproceedings{Ref7,
  title={Model for Predicting Electrical Energy Consumption Using ARIMA Method},
  author={Fathin, Muhammad and Widhiyasana, Yudi and Syakrani, Nurjannah},
  booktitle={2nd International Seminar of Science and Applied Technology (ISSAT 2021)},
  pages={298--303},
  year={2021},
  organization={Atlantis Press}
}
@unknown{Ref8,
author = {Parhizkar, Tarannom},
year = {2021},
title = {Support vector regression ({SVR}) for energy consumption prediction
}
}
@article{Ref9,
  title={Support vector regression for predicting building energy consumption in southern China},
  author={Ma, Zhitong and Ye, Cantao and Ma, Weibin},
  journal={Energy Procedia},
  volume={158},
  pages={3433--3438},
  year={2019},
  publisher={Elsevier}
}




@article{Ref10,
  title={Thermal comfort modeling for smart buildings: A fine-grained deep learning approach},
  author={Zhang, Wei and Hu, Weizheng and Wen, Yonggang},
  journal={IEEE Internet of Things Journal},
  volume={6},
  number={2},
  pages={2540--2549},
  year={2018},
  publisher={IEEE}
}

@article{Ref11,
  title={Thermal comfort modeling for smart buildings: A fine-grained deep learning approach},
  author={Zhang, Wei and Hu, Weizheng and Wen, Yonggang},
  journal={IEEE Internet of Things Journal},
  volume={6},
  number={2},
  pages={2540--2549},
  year={2018},
  publisher={IEEE}
}
@article{Ref12,
  title={Modified firefly algorithm for multidimensional optimization in structural design problems},
  author={Chou, Jui and Ngo, Ngoc},
  journal={Structural and Multidisciplinary Optimization},
  volume={55},
  pages={2013--2028},
  year={2017},
  publisher={Springer}
}




@article{Ref13,
  title={Electrical Load Forecasting Using LSTM GRU and RNN Algorithms [J]},
  author={Mobarak, Abumohsen and Yousef, Owda Amani and Majdi, Owda},
  journal={Energies},
  volume={16},
  number={5},
  year={2023}
}

@article{Ref14,
  title={Energy consumption prediction using the GRU-MMattention-LightGBM model with features of Prophet decomposition},
  author={Liang, Shaokun and Deng, Tao and Huang, Anna and Liu, Ningxian and Jiang, Xuchu},
  journal={PloS one},
  volume={18},
  number={1},
  year={2023},
  publisher={Public Library of Science San Francisco, CA USA}
}

@article{Ref15,
  title={Predicting large scale fine grain energy consumption},
  author={Cerquitelli, Tania},
  journal={Energy Procedia},
  volume={111},
  pages={1079--1088},
  year={2017},
  publisher={Elsevier}
}

@article{Ref16,
  title={Sound levels forecasting in an acoustic sensor network using a deep neural network},
  author={Navarro, Juan and Mart{\'\i}nez, Raquel and Bueno, Andr{\'e}s and Mart{\'\i}nez, Ram{\'o}n and Cecilia, Jos{\'e} },
  journal={Sensors},
  volume={20},
  number={3},
  year={2020},
  publisher={MDPI}
}
@article{Ref17,
  title={Time series analytics using sliding window metaheuristic optimization-based machine learning system for identifying building energy consumption patterns},
  author={Chou, Jui and Ngo, Ngoc},
  journal={Applied energy},
  volume={177},
  pages={751--770},
  year={2016},
  publisher={Elsevier}
}
@article{Ref18,
  title={The impact of natural resources, energy consumption, and population growth on environmental quality: Fresh evidence from the United States of America},
  author={Khan, Irfan and Hou, Fujun and Le, Phong},
  journal={Science of the Total Environment},
  volume={754},
  number={142222},
  year={2021},
  publisher={Elsevier}
}


@book{Ref19,
  title={Energy and the Environment},
  author={Ristinen, Robert and Kraushaar, J and Brack, T},
  year={2022},
  publisher={John Wiley \& Sons}
}
@article{Ref20,
  title={LSTM based long-term energy consumption prediction with periodicity},
  author={Wang, Jian and Du, Yu and Wang, Jing},
  journal={energy},
  volume={197},
  year={2020},
  publisher={Elsevier}
}
@article{Ref21,
  title={Comparison of three data-driven networked predictive control methods for a class of nonlinear systems},
  author={Pang, Zhong and Zhao, Xue and Sun, Jian and Shi, Yuntao and Liu, Guo},
  journal={IEEE/CAA Journal of Automatica Sinica},
  volume={9},
  number={9},
  pages={1714--1716},
  year={2022},
  publisher={IEEE}
}
@article{Ref22,
  title={A review on time series forecasting techniques for building energy consumption},
  author={Deb, Chirag and Zhang, Fan and Yang, Junjing and Lee, Siew and Shah, Kwok },
  journal={Renewable and Sustainable Energy Reviews},
  volume={74},
  pages={902--924},
  year={2017},
  publisher={Elsevier}
}
@article{Ref23,
  title={Household energy consumption prediction using the stationary wavelet transform and transformers},
  author={Saoud, Lyes and Al-Marzouqi, Hasan and Hussein, Ramy},
  journal={IEEE Access},
  volume={10},
  pages={5171--5183},
  year={2022},
  publisher={IEEE}
}
@article{Ref24,
  title={Predicting energy consumption in multiple buildings using machine learning for improving energy efficiency and sustainability},
  author={Pham, Anh and Ngo, Ngoc and Truong, Thi and Huynh, Nhat and Truong, Ngoc},
  journal={Journal of Cleaner Production},
  volume={260},
  year={2020},
  publisher={Elsevier}
}
@article{Ref25,
  title={Modified firefly algorithm for multidimensional optimization in structural design problems},
  author={Chou, Jui and Ngo, Ngoc},
  journal={Structural and Multidisciplinary Optimization},
  volume={55},
  pages={2013--2028},
  year={2017},
  publisher={Springer}
}

@article{Ref26,
  title={Concept of net zero energy buildings ({NZEB})-A literature review},
  author={Jaysawal, Rajan and Chakraborty, Suprava and Elangovan, D and Padmanaban, Sanjeevikumar},
  journal={Cleaner Engineering and Technology},
  volume={11},
  year={2022},
  publisher={Elsevier}
}

@inproceedings{Ref27,
  title={Particle swarm optimization-based CNN-LSTM networks for forecasting energy consumption},
  author={Kim, Tae and Cho, Sung},
  booktitle={2019 IEEE congress on evolutionary computation (CEC)},
  pages={1510--1516},
  year={2019},
  organization={IEEE}
}

@inproceedings{Ref28,
  title={A genetic programming approach to designing convolutional neural network architectures},
  author={Suganuma, Masanori and Shirakawa, Shinichi and Nagao, Tomoharu},
  booktitle={Proceedings of the genetic and evolutionary computation conference},
  pages={497--504},
  year={2017}
}

@inproceedings{Ref29,
  title={Household Energy Consumption Prediction: A Deep Neuroevolution Approach},
  author={Soudaei, Alexander and Zhang, Jianhua and Elmi, Mohamed and Tsechoev, Mikael and Khan, Zishan and Osman, Ahmed},
  booktitle={Proceedings of the 2023 3rd International Conference on Artificial Intelligence, Automation and Algorithms},
  pages={164--168},
  year={2023}
}


@article{Ref30,
  title={A Review of Metaheuristic Optimization Techniques for Effective Energy Conservation in Buildings},
  author={Pillay, Theogan and Saha, Akshay Kumar},
  journal={Energies},
  volume={17},
  number={7},
  year={2024},
  publisher={MDPI}
}
@misc{Ref31,
  title = {Net Zero Energy Buildings to See 29% Growth by 2027},
  howpublished = {\url{https://www.constructionbriefing.com/news/net-zero-energy-buildings-to-see-29-growth-by-2027/8034076.article#:~:text=Despite%20currently%20representing%20just%200.023,up%20from%201%2C200%20in%202022.}},
  note = {Accessed: 19-Oct-2024}
}



@inproceedings{Ref32,
  title={Short-term energy forecasting for public educational institution},
  author={Zlatkova, Aleksandra and Velkovski, Bodan and Kokolanski, Zivko and Taskovski, Dimitar},
  booktitle={2023 IEEE International Conference on Environment and Electrical Engineering and 2023 IEEE Industrial and Commercial Power Systems Europe (EEEIC/I\&CPS Europe)},
  pages={1--6},
  year={2023},
  organization={IEEE}
}

@inproceedings{Ref33,
  title={Medium-term energy demand analysis using machine learning: A case study on a residential apartment in a divisional city of bangladesh},
  author={Haque, Halima and Razzak, Abdur},
  booktitle={2023 IEEE IAS Global Conference on Renewable Energy and Hydrogen Technologies (GlobConHT)},
  pages={1--6},
  year={2023},
  organization={IEEE}
}



@article{MFF,
  title={Modified firefly algorithm for multidimensional optimization in structural design problems},
  author={Chou, Jui-Sheng and Ngo, Ngoc-Tri},
  journal={Structural and Multidisciplinary Optimization},
  volume={55},
  number={6},
  pages={2013--2028},
  year={2017},
  publisher={Springer}
}


@article{FF,
  title={A comprehensive review of firefly algorithms},
  author={Fister, Iztok and Fister Jr, Iztok and Yang, Xin-She and Brest, Janez},
  journal={Swarm and evolutionary computation},
  volume={13},
  pages={34--46},
  year={2013},
  publisher={Elsevier}
}




@article{RC1,
  title={Network Intrusion Detection Based on Feature Selection and Hybrid Metaheuristic Optimization.},
  author={Alkanhel, Reem and El-kenawy, El-Sayed M and Abdelhamid, Abdelaziz A and Ibrahim, Abdelhameed and Alohali, Manal Abdullah and Abotaleb, Mostafa and Khafaga, Doaa Sami},
  journal={Computers, Materials \& Continua},
  volume={74},
  number={2},
  year={2023}
}

@article{RC2,
  title={Innovative feature selection method based on hybrid sine cosine and dipper throated optimization algorithms},
  author={Abdelhamid, A and El-Kenawy, M and Ibrahim, Abdelhameed and Eid, Metwally and Khafaga, Sami and Alhussan, Ali and Mirjalili, Seyedali and Khodadadi, Nima and Lim, Hong and Shams, Y},
  journal={IEEE access},
  volume={11},
  pages={79750--79776},
  year={2023},
  publisher={IEEE}
}


@article{RC3,
  title={Metaheuristic optimization for improving weed detection in wheat images captured by drones},
  author={El, El M and Khodadadi, Nima and Mirjalili, Seyedali and Makarovskikh, Tatiana and Abotaleb, Mostafa and Karim, Khalid and Alkahtani, Hend K and Abdelhamid, A and Eid, M and Horiuchi, Takahiko and others},
  journal={Mathematics},
  volume={10},
  number={23},
  pages={4421},
  year={2022},
  publisher={MDPI}
}


@article{RC4,
  title={Adaptive dynamic dipper throated optimization for feature selection in medical data},
  author={Atteia, Ghada and El, M and Samee, Nagwan Abdel and Jamjoom, M and Ibrahim, Abdelhameed and Abdelhamid, A and Azar, Taher and Khodadadi, Nima and Ghanem, A and Shams, Y},
  journal={Computers, Materials \& Continua},
  volume={75},
  number={1},
  pages={1883--1900},
  year={2023}
}




@article{RC5,
  title={Advanced meta-heuristic algorithm based on Particle Swarm and Al-biruni Earth Radius optimization methods for oral cancer detection},
  author={Myriam, Hadjouni and Abdelhamid, A and El, M and Ibrahim, Abdelhameed and Eid, Metwally and Jamjoom, M and Khafaga, Sami},
  journal={IEEE Access},
  volume={11},
  pages={23681--23700},
  year={2023},
  publisher={IEEE}
}



@article{RC55,
  title={Grey wolf optimization-based CNN-LSTM network for the prediction of energy consumption in smart home environment},
  author={Singh, Tarana and Solanki, Arun and Sharma, Sanjay Kumar and Jhanjhi, NZ and Ghoniem, M},
  journal={IEEE Access},
  volume={11},
  pages={114917--114935},
  year={2023},
  publisher={IEEE}
}



@article{RC56,
  title={Short term power load combination forecasting method based on feature extraction},
  author={Chen, Qingbin and Yang, Genghuang and Geng, Liqing},
  journal={IEEE Access},
  volume={12},
  pages={51619--51629},
  year={2024},
  publisher={IEEE}
}



@article{RC57,
  title={Energy forecasting of the building integrated photovoltaic system based on deep learning dragonfly-firefly algorithm},
  author={Karthick, Alagar and Shankar, R and Dharmaraj, Ganeshaperumal and others},
  journal={Energy},
  volume={308},
  pages={132926},
  year={2024},
  publisher={Elsevier}
}




@inproceedings{RC58,
  title={Household energy consumption prediction: A deep neuroevolution approach},
  author={Soudaei, Alexander and Zhang, Jianhua and Elmi, Mohamed and Tsechoev, Mikael and Khan, Zishan and Osman, Ahmed},
  booktitle={Proceedings of the 2023 3rd International Conference on Artificial Intelligence, Automation and Algorithms},
  pages={164--168},
  year={2023}
}




@article{RC59,
  title={Short-term power load forecasting based on DE-IHHO optimized BiLSTM},
  author={Liu, Xuelei and Ma, Ziqi and Guo, Hanrui and Xu, Yedong and Cao, Yingli},
  journal={IEEE Access},
  year={2024},
  publisher={IEEE}
}



@article{Ref40,
  title={Short-Term Load Foresting Using Combination of Linear and Non-linear Models},
  author={Rani, Neelam and Aggarwal, Sanjeev and Kumar, Sanjeev},
  journal={IEEE Access},
  year={2024},
  publisher={IEEE}
}




@article{Ref44,
  title={Support vector regression for predicting building energy consumption in southern China},
  author={Ma, Zhitong and Ye, Cantao and Ma, Weibin},
  journal={Energy Procedia},
  volume={158},
  pages={3433--3438},
  year={2019},
  publisher={Elsevier}
}




@article{Ref47,
  title={Renewable power output forecasting using least-squares support vector regression and Google Data},
  author={Chen, Kuen and Lin, Kuo and Yan, Jun and Hsieh, Wan},
  journal={Sustainability},
  volume={11},
  number={11},
  pages={3009},
  year={2019},
  publisher={MDPI}
}




@article{Ref301,
  title={A holistic review on energy forecasting using big data and deep learning models},
  author={Devaraj, Jayanthi and Madurai, Elavarasan and Shafiullah, GM and Jamal, Taskin and Khan, Irfan},
  journal={International journal of energy research},
  volume={45},
  number={9},
  pages={13489--13530},
  year={2021},
  publisher={Wiley Online Library}
}




@article{Ref45,
  title={Electrical load forecasting using LSTM, GRU, and RNN algorithms},
  author={Abumohsen, Mobarak and Owda, Amani and Owda, Majdi},
  journal={Energies},
  volume={16},
  number={5},
  pages={2283},
  year={2023},
  publisher={MDPI}
}


@article{Industrial2025,
  title={Industrial robot energy consumption model identification: A coupling model-driven and data-driven paradigm},
  author={Jiang, Pei and Zheng, Jiajun and Wang, Zuoxue and Qin, Yan and Li, Xiaobin},
  journal={Expert Systems with Applications},
  volume={262},
  pages={125604},
  year={2025},
  publisher={Elsevier}
}


@article{LSTM2023,
  title={Energy consumption prediction and optimization of industrial robots based on LSTM},
  author={Jiang, Pei and Wang, Zuoxue and Li, Xiaobin and Wang, Vincent and Yang, Bodong and Zheng, Jiajun},
  journal={Journal of Manufacturing Systems},
  volume={70},
  pages={137--148},
  year={2023},
  publisher={Elsevier}
}


@article{Hybrid2025,
  title={A novel hybrid LSTM and masked multi-head attention based network for energy consumption prediction of industrial robots},
  author={Wang, Zuoxue and Jiang, Pei and Li, Xiaobin and He, Yan and Wang, Xi Vincent and Yang, Xue},
  journal={Applied Energy},
  volume={383},
  pages={125223},
  year={2025},
  publisher={Elsevier}
}